@article{ChiangZ16,
	author    = {Mung Chiang and
	Tao Zhang},
	title     = {Fog and IoT: An Overview of Research Opportunities},
	journal   = {{IEEE} Internet Things J.},
	volume    = {3},
	number    = {6},
	pages     = {854--864},
	year      = {2016},
	url       = {https://doi.org/10.1109/JIOT.2016.2584538},
	doi       = {10.1109/JIOT.2016.2584538},
	timestamp = {Mon, 08 Jun 2020 22:22:41 +0200},
	biburl    = {https://dblp.org/rec/journals/iotj/ChiangZ16.bib},
	bibsource = {dblp computer science bibliography, https://dblp.org}
}

@article{BariBEGPRZZ13,
	author    = {Md. Faizul Bari and
	Raouf Boutaba and
	Rafael Pereira Esteves and
	Lisandro Zambenedetti Granville and
	Maxim Podlesny and
	Md. Golam Rabbani and
	Qi Zhang and
	Mohamed Faten Zhani},
	title     = {Data Center Network Virtualization: {A} Survey},
	journal   = {{IEEE} Commun. Surv. Tutorials},
	volume    = {15},
	number    = {2},
	pages     = {909--928},
	year      = {2013},
	url       = {https://doi.org/10.1109/SURV.2012.090512.00043},
	doi       = {10.1109/SURV.2012.090512.00043},
	timestamp = {Thu, 09 Apr 2020 17:12:12 +0200},
	biburl    = {https://dblp.org/rec/journals/comsur/BariBEGPRZZ13.bib},
	bibsource = {dblp computer science bibliography, https://dblp.org}
}

@inproceedings{GunawiHSLSAE16,
	author    = {Haryadi S. Gunawi and
	Mingzhe Hao and
	Riza O. Suminto and
	Agung Laksono and
	Anang D. Satria and
	Jeffry Adityatama and
	Kurnia J. Eliazar},
	editor    = {Marcos K. Aguilera and
	Brian Cooper and
	Yanlei Diao},
	title     = {Why Does the Cloud Stop Computing? Lessons from Hundreds of Service Outages},
	booktitle = {Proceedings of the Seventh {ACM} Symposium on Cloud Computing, Santa Clara, CA, USA, October 5-7, 2016},
	pages     = {1--16},
	publisher = {{ACM}},
	year      = {2016},
	url       = {https://doi.org/10.1145/2987550.2987583},
	doi       = {10.1145/2987550.2987583},
	timestamp = {Tue, 06 Nov 2018 11:07:34 +0100},
	biburl    = {https://dblp.org/rec/conf/cloud/GunawiHSLSAE16.bib},
	bibsource = {dblp computer science bibliography, https://dblp.org}
}

@article{LopezMEDHIBFR15,
	author    = {Pedro Garc{\'{\i}}a L{\'{o}}pez and
	Alberto Montresor and
	Dick H. J. Epema and
	Anwitaman Datta and
	Teruo Higashino and
	Adriana Iamnitchi and
	Marinho P. Barcellos and
	Pascal Felber and
	Etienne Rivi{\`{e}}re},
	title     = {Edge-centric Computing: Vision and Challenges},
	journal   = {Comput. Commun. Rev.},
	volume    = {45},
	number    = {5},
	pages     = {37--42},
	year      = {2015},
	url       = {https://doi.org/10.1145/2831347.2831354},
	doi       = {10.1145/2831347.2831354},
	timestamp = {Sun, 06 Sep 2020 18:03:45 +0200},
	biburl    = {https://dblp.org/rec/journals/ccr/LopezMEDHIBFR15.bib},
	bibsource = {dblp computer science bibliography, https://dblp.org}
}

@inproceedings{KarimIWGSYO16,
	author    = {Mohd Bazli Ab Karim and
	Bukhary Ikhwan Ismail and
	Ming{-}Tat Wong and
	Ehsan Mostajeran Goortani and
	Sharipah Setapa and
	Luke Jing Yuan and
	Hong Ong},
	title     = {Extending Cloud Resources to the Edge: Possible Scenarios, Challenges, and Experiments},
	booktitle = {International Conference on Cloud Computing Research and Innovations, {ICCCRI} 2016, Singapore, Singapore, May 4-5, 2016},
	pages     = {78--85},
	publisher = {{IEEE} Computer Society},
	year      = {2016},
	url       = {https://doi.org/10.1109/ICCCRI.2016.20},
	doi       = {10.1109/ICCCRI.2016.20},
	timestamp = {Wed, 16 Oct 2019 14:14:56 +0200},
	biburl    = {https://dblp.org/rec/conf/icccri/KarimIWGSYO16.bib},
	bibsource = {dblp computer science bibliography, https://dblp.org}
}

@article{MonsalveCC18,
	author    = {Saul Alonso Monsalve and
	F{\'{e}}lix Garc{\'{\i}}a Carballeira and
	Alejandro Calder{\'{o}}n},
	title     = {A heterogeneous mobile cloud computing model for hybrid clouds},
	journal   = {Future Gener. Comput. Syst.},
	volume    = {87},
	pages     = {651--666},
	year      = {2018},
	url       = {https://doi.org/10.1016/j.future.2018.04.005},
	doi       = {10.1016/j.future.2018.04.005},
	timestamp = {Tue, 16 Jun 2020 17:14:02 +0200},
	biburl    = {https://dblp.org/rec/journals/fgcs/MonsalveCC18.bib},
	bibsource = {dblp computer science bibliography, https://dblp.org}
}

@article{Satyanarayanan17,
	author    = {Mahadev Satyanarayanan},
	title     = {The Emergence of Edge Computing},
	journal   = {Computer},
	volume    = {50},
	number    = {1},
	pages     = {30--39},
	year      = {2017},
	url       = {https://doi.org/10.1109/MC.2017.9},
	doi       = {10.1109/MC.2017.9},
	timestamp = {Wed, 12 Aug 2020 10:30:15 +0200},
	biburl    = {https://dblp.org/rec/journals/computer/Satyanarayanan17.bib},
	bibsource = {dblp computer science bibliography, https://dblp.org}
}

@article{HossainRH18,
	author    = {S. K. Alamgir Hossain and
	Md. Anisur Rahman and
	M. Anwar Hossain},
	title     = {Edge computing framework for enabling situation awareness in IoT based
	smart city},
	journal   = {J. Parallel Distributed Comput.},
	volume    = {122},
	pages     = {226--237},
	year      = {2018},
	url       = {https://doi.org/10.1016/j.jpdc.2018.08.009},
	doi       = {10.1016/j.jpdc.2018.08.009},
	timestamp = {Sat, 22 Feb 2020 19:36:04 +0100},
	biburl    = {https://dblp.org/rec/journals/jpdc/HossainRH18.bib},
	bibsource = {dblp computer science bibliography, https://dblp.org}
}

@article{NingLSY20,
	author    = {Huansheng Ning and
	Yunfei Li and
	Feifei Shi and
	Laurence T. Yang},
	title     = {Heterogeneous edge computing open platforms and tools for internet
	of things},
	journal   = {Future Gener. Comput. Syst.},
	volume    = {106},
	pages     = {67--76},
	year      = {2020},
	url       = {https://doi.org/10.1016/j.future.2019.12.036},
	doi       = {10.1016/j.future.2019.12.036},
	timestamp = {Wed, 18 Mar 2020 18:39:30 +0100},
	biburl    = {https://dblp.org/rec/journals/fgcs/NingLSY20.bib},
	bibsource = {dblp computer science bibliography, https://dblp.org}
}

@book{0019513,
	author    = {Andrew S. Tanenbaum and
	Maarten van Steen},
	title     = {Distributed systems - principles and paradigms, 2nd Edition},
	publisher = {Pearson Education},
	year      = {2007},
	isbn      = {978-0-13-239227-3},
	timestamp = {Thu, 27 Apr 2017 16:04:05 +0200},
	biburl    = {https://dblp.org/rec/books/daglib/0019513.bib},
	bibsource = {dblp computer science bibliography, https://dblp.org}
}

@article{SteenT16,
	author    = {Maarten van Steen and
	Andrew S. Tanenbaum},
	title     = {A brief introduction to distributed systems},
	journal   = {Computing},
	volume    = {98},
	number    = {10},
	pages     = {967--1009},
	year      = {2016},
	url       = {https://doi.org/10.1007/s00607-016-0508-7},
	doi       = {10.1007/s00607-016-0508-7},
	timestamp = {Thu, 06 Aug 2020 13:51:43 +0200},
	biburl    = {https://dblp.org/rec/journals/computing/SteenT16.bib},
	bibsource = {dblp computer science bibliography, https://dblp.org}
}

@inproceedings{Bondi00,
	author    = {Andre B. Bondi},
	title     = {Characteristics of scalability and their impact on performance},
	booktitle = {Second International Workshop on Software and Performance, {WOSP}
	2000, Ottawa, Canada, September 17-20, 2000},
	pages     = {195--203},
	publisher = {{ACM}},
	year      = {2000},
	url       = {https://doi.org/10.1145/350391.350432},
	doi       = {10.1145/350391.350432},
	timestamp = {Sat, 03 Aug 2019 21:51:57 +0200},
	biburl    = {https://dblp.org/rec/conf/wosp/Bondi00.bib},
	bibsource = {dblp computer science bibliography, https://dblp.org}
}

@Inbook{Gustafson2011,
	author={Gustafson, John L.},
	title={Moore'sÂ Law},
	bookTitle={Encyclopedia of Parallel Computing},
	year={2011},
	publisher={Springer US},
	address={Boston, MA},
	pages={1177--1184},
	isbn={978-0-387-09766-4},
	doi={10.1007/978-0-387-09766-4_81},
	url={https://doi.org/10.1007/978-0-387-09766-4_81}
}

@inproceedings{Vogels,
	author    = {Werner Vogels},
	title     = {A head in the clouds the power of infrastructure as a service},
	booktitle   = {Proceedings of the 1st Workshop on Cloud Computing and Applications},
	year      = {2008}
}

@techreport{AboveTheCloud,
	Author = {Armbrust, M. and Fox, A. and Griffith, R. and Joseph, A. D. and Katz, R. and Konwinski, A. and Lee, G. and Patterson, D. and Rabkin, A. and Stoica, I. and Zaharia, M.},
	Title = {Above the Clouds: A Berkeley View of Cloud Computing},
	Institution = {EECS Department, University of California, Berkeley},
	Year = {2009},
	Month = {Feb},
	URL = {http://www.eecs.berkeley.edu/Pubs/TechRpts/2009/EECS-2009-28.html},
	Number = {UCB/EECS-2009-28},
}

@article{ZhangCB10,
	author    = {Qi Zhang and
	Lu Cheng and
	Raouf Boutaba},
	title     = {Cloud computing: state-of-the-art and research challenges},
	journal   = {J. Internet Serv. Appl.},
	volume    = {1},
	number    = {1},
	pages     = {7--18},
	year      = {2010},
	url       = {https://doi.org/10.1007/s13174-010-0007-6},
	doi       = {10.1007/s13174-010-0007-6},
	timestamp = {Sat, 25 Apr 2020 14:01:11 +0200},
	biburl    = {https://dblp.org/rec/journals/jisa/ZhangCB10.bib},
	bibsource = {dblp computer science bibliography, https://dblp.org}
}

@article{AssuncaoVB18,
	author    = {Marcos Dias de Assun{\c{c}}{\~{a}}o and
	Alexandre Da Silva Veith and
	Rajkumar Buyya},
	title     = {Distributed data stream processing and edge computing: {A} survey
	on resource elasticity and future directions},
	journal   = {J. Netw. Comput. Appl.},
	volume    = {103},
	pages     = {1--17},
	year      = {2018},
	url       = {https://doi.org/10.1016/j.jnca.2017.12.001},
	doi       = {10.1016/j.jnca.2017.12.001},
	timestamp = {Mon, 24 Feb 2020 15:55:37 +0100},
	biburl    = {https://dblp.org/rec/journals/jnca/AssuncaoVB18.bib},
	bibsource = {dblp computer science bibliography, https://dblp.org}
}

@book{CaoZS18,
	author    = {Jie Cao and
	Quan Zhang and
	Weisong Shi},
	title     = {Edge Computing: {A} Primer},
	series    = {Springer Briefs in Computer Science},
	publisher = {Springer},
	year      = {2018},
	url       = {https://doi.org/10.1007/978-3-030-02083-5},
	doi       = {10.1007/978-3-030-02083-5},
	isbn      = {978-3-030-02082-8},
	timestamp = {Thu, 13 Feb 2020 15:16:46 +0100},
	biburl    = {https://dblp.org/rec/series/sbcs/CaoZS18.bib},
	bibsource = {dblp computer science bibliography, https://dblp.org}
}

@techreport{Peter,
	author = {Mell, Peter M. and Grance, Timothy},
	title = {SP 800-145. The NIST Definition of Cloud Computing},
	year = {2011},
	publisher = {National Institute of Standards & Technology},
	address = {Gaithersburg, MD, USA}
}

@inproceedings{DuanFZSNH15,
	author    = {Yucong Duan and
	Guohua Fu and
	Nianjun Zhou and
	Xiaobing Sun and
	Nanjangud C. Narendra and
	Bo Hu},
	editor    = {Calton Pu and
	Ajay Mohindra},
	title     = {Everything as a Service (XaaS) on the Cloud: Origins, Current and
	Future Trends},
	booktitle = {8th {IEEE} International Conference on Cloud Computing, {CLOUD} 2015,
	New York City, NY, USA, June 27 - July 2, 2015},
	pages     = {621--628},
	publisher = {{IEEE} Computer Society},
	year      = {2015},
	url       = {https://doi.org/10.1109/CLOUD.2015.88},
	doi       = {10.1109/CLOUD.2015.88},
	timestamp = {Wed, 16 Oct 2019 14:14:54 +0200},
	biburl    = {https://dblp.org/rec/conf/IEEEcloud/DuanFZSNH15.bib},
	bibsource = {dblp computer science bibliography, https://dblp.org}
}

@inproceedings{Schollmeier01,
	author    = {R{\"{u}}diger Schollmeier},
	editor    = {Ross Lee Graham and
	Nahid Shahmehri},
	title     = {A Definition of Peer-to-Peer Networking for the Classification of
	Peer-to-Peer Architectures and Applications},
	booktitle = {1st International Conference on Peer-to-Peer Computing {(P2P} 2001),
	27-29 August 2001, Link{\"{o}}ping, Sweden},
	pages     = {101--102},
	publisher = {{IEEE} Computer Society},
	year      = {2001},
	url       = {https://doi.org/10.1109/P2P.2001.990434},
	doi       = {10.1109/P2P.2001.990434},
	timestamp = {Wed, 16 Oct 2019 14:14:52 +0200},
	biburl    = {https://dblp.org/rec/conf/p2p/Schollmeier01.bib},
	bibsource = {dblp computer science bibliography, https://dblp.org}
}

@article{BandaraJ13,
	author    = {H. M. N. Dilum Bandara and
	Anura P. Jayasumana},
	title     = {Collaborative applications over peer-to-peer systems-challenges and
	solutions},
	journal   = {Peer Peer Netw. Appl.},
	volume    = {6},
	number    = {3},
	pages     = {257--276},
	year      = {2013},
	url       = {https://doi.org/10.1007/s12083-012-0157-3},
	doi       = {10.1007/s12083-012-0157-3},
	timestamp = {Thu, 04 Jun 2020 19:42:16 +0200},
	biburl    = {https://dblp.org/rec/journals/ppna/BandaraJ13.bib},
	bibsource = {dblp computer science bibliography, https://dblp.org}
}

@inproceedings{KamelSE07,
	author    = {Mina Kamel and
	Caterina M. Scoglio and
	Todd Easton},
	editor    = {Ian F. Akyildiz and
	Raghupathy Sivakumar and
	Eylem Ekici and
	Jaudelice Cavalcante de Oliveira and
	Janise McNair},
	title     = {Optimal Topology Design for Overlay Networks},
	booktitle = {{NETWORKING} 2007. Ad Hoc and Sensor Networks, Wireless Networks,
	Next Generation Internet, 6th International {IFIP-TC6} Networking
	Conference, Atlanta, GA, USA, May 14-18, 2007, Proceedings},
	series    = {Lecture Notes in Computer Science},
	volume    = {4479},
	pages     = {714--725},
	publisher = {Springer},
	year      = {2007},
	url       = {https://doi.org/10.1007/978-3-540-72606-7\_61},
	doi       = {10.1007/978-3-540-72606-7\_61},
	timestamp = {Tue, 14 May 2019 10:00:44 +0200},
	biburl    = {https://dblp.org/rec/conf/networking/KamelSE07.bib},
	bibsource = {dblp computer science bibliography, https://dblp.org}
}

@article{FilaliBHB11,
	author    = {Imen Filali and
	Francesco Bongiovanni and
	Fabrice Huet and
	Fran{\c{c}}oise Baude},
	title     = {A Survey of Structured {P2P} Systems for {RDF} Data Storage and Retrieval},
	journal   = {Trans. Large Scale Data Knowl. Centered Syst.},
	volume    = {3},
	pages     = {20--55},
	year      = {2011},
	url       = {https://doi.org/10.1007/978-3-642-23074-5\_2},
	doi       = {10.1007/978-3-642-23074-5\_2},
	timestamp = {Tue, 19 May 2020 15:55:33 +0200},
	biburl    = {https://dblp.org/rec/journals/tlsdkcs/FilaliBHB11.bib},
	bibsource = {dblp computer science bibliography, https://dblp.org}
}

@inproceedings{DasGM02,
	author    = {Abhinandan Das and
	Indranil Gupta and
	Ashish Motivala},
	title     = {{SWIM:} Scalable Weakly-consistent Infection-style Process Group Membership
	Protocol},
	booktitle = {2002 International Conference on Dependable Systems and Networks {(DSN}
	2002), 23-26 June 2002, Bethesda, MD, USA, Proceedings},
	pages     = {303--312},
	publisher = {{IEEE} Computer Society},
	year      = {2002},
	url       = {https://doi.org/10.1109/DSN.2002.1028914},
	doi       = {10.1109/DSN.2002.1028914},
	timestamp = {Wed, 16 Oct 2019 14:14:55 +0200},
	biburl    = {https://dblp.org/rec/conf/dsn/DasGM02.bib},
	bibsource = {dblp computer science bibliography, https://dblp.org}
}

@inproceedings{StoicaMKKB01,
	author    = {Ion Stoica and
	Robert Tappan Morris and
	David R. Karger and
	M. Frans Kaashoek and
	Hari Balakrishnan},
	editor    = {Rene L. Cruz and
	George Varghese},
	title     = {Chord: {A} scalable peer-to-peer lookup service for internet applications},
	booktitle = {Proceedings of the {ACM} {SIGCOMM} 2001 Conference on Applications,
	Technologies, Architectures, and Protocols for Computer Communication,
	August 27-31, 2001, San Diego, CA, {USA}},
	pages     = {149--160},
	publisher = {{ACM}},
	year      = {2001},
	url       = {https://doi.org/10.1145/383059.383071},
	doi       = {10.1145/383059.383071},
	timestamp = {Sat, 07 Sep 2019 11:59:24 +0200},
	biburl    = {https://dblp.org/rec/conf/sigcomm/StoicaMKKB01.bib},
	bibsource = {dblp computer science bibliography, https://dblp.org}
}

@article{Leavitt10,
	author    = {Neal Leavitt},
	title     = {Will NoSQL Databases Live Up to Their Promise?},
	journal   = {Computer},
	volume    = {43},
	number    = {2},
	pages     = {12--14},
	year      = {2010},
	url       = {https://doi.org/10.1109/MC.2010.58},
	doi       = {10.1109/MC.2010.58},
	timestamp = {Wed, 12 Aug 2020 10:32:01 +0200},
	biburl    = {https://dblp.org/rec/journals/computer/Leavitt10.bib},
	bibsource = {dblp computer science bibliography, https://dblp.org}
}

@book{0024003,
	author    = {Quang Hieu Vu and
	Mihai Lupu and
	Beng Chin Ooi},
	title     = {Peer-to-Peer Computing - Principles and Applications},
	publisher = {Springer},
	year      = {2010},
	url       = {https://doi.org/10.1007/978-3-642-03514-2},
	doi       = {10.1007/978-3-642-03514-2},
	isbn      = {978-3-642-03513-5},
	timestamp = {Tue, 16 May 2017 14:01:41 +0200},
	biburl    = {https://dblp.org/rec/books/daglib/0024003.bib},
	bibsource = {dblp computer science bibliography, https://dblp.org}
}

@incollection{BonomiMNZ14,
	author    = {Flavio Bonomi and
	Rodolfo A. Milito and
	Preethi Natarajan and
	Jiang Zhu},
	editor    = {Nik Bessis and
	Ciprian Dobre},
	title     = {Fog Computing: {A} Platform for Internet of Things and Analytics},
	booktitle = {Big Data and Internet of Things: {A} Roadmap for Smart Environments},
	series    = {Studies in Computational Intelligence},
	volume    = {546},
	pages     = {169--186},
	publisher = {Springer},
	year      = {2014},
	url       = {https://doi.org/10.1007/978-3-319-05029-4\_7},
	doi       = {10.1007/978-3-319-05029-4\_7},
	timestamp = {Sat, 05 Sep 2020 17:42:18 +0200},
	biburl    = {https://dblp.org/rec/series/sci/BonomiMNZ14.bib},
	bibsource = {dblp computer science bibliography, https://dblp.org}
}

@article{WangZZWYW17,
	author    = {Shuo Wang and
	Xing Zhang and
	Yan Zhang and
	Lin Wang and
	Juwo Yang and
	Wenbo Wang},
	title     = {A Survey on Mobile Edge Networks: Convergence of Computing, Caching
	and Communications},
	journal   = {{IEEE} Access},
	volume    = {5},
	pages     = {6757--6779},
	year      = {2017},
	url       = {https://doi.org/10.1109/ACCESS.2017.2685434},
	doi       = {10.1109/ACCESS.2017.2685434},
	timestamp = {Wed, 04 Jul 2018 13:22:44 +0200},
	biburl    = {https://dblp.org/rec/journals/access/WangZZWYW17.bib},
	bibsource = {dblp computer science bibliography, https://dblp.org}
}

@article{KhuneP19,
	author    = {Aditya Khune and
	Sudeep Pasricha},
	title     = {Mobile Network-Aware Middleware Framework for Cloud Offloading: Using
	Reinforcement Learning to Make Reward-Based Decisions in Smartphone
	Applications},
	journal   = {{IEEE} Consumer Electron. Mag.},
	volume    = {8},
	number    = {1},
	pages     = {42--48},
	year      = {2019},
	url       = {https://doi.org/10.1109/MCE.2018.2867972},
	doi       = {10.1109/MCE.2018.2867972},
	timestamp = {Thu, 18 Jun 2020 22:07:59 +0200},
	biburl    = {https://dblp.org/rec/journals/cem/KhuneP19.bib},
	bibsource = {dblp computer science bibliography, https://dblp.org}
}

@article{ChenHLLW15,
	author    = {Min Chen and
	Yixue Hao and
	Yong Li and
	Chin{-}Feng Lai and
	Di Wu},
	title     = {On the computation offloading at ad hoc cloudlet: architecture and
	service modes},
	journal   = {{IEEE} Commun. Mag.},
	volume    = {53},
	number    = {6-Supplement},
	pages     = {18--24},
	year      = {2015},
	url       = {https://doi.org/10.1109/MCOM.2015.7120041},
	doi       = {10.1109/MCOM.2015.7120041},
	timestamp = {Sat, 05 Sep 2020 17:44:18 +0200},
	biburl    = {https://dblp.org/rec/journals/cm/ChenHLLW15.bib},
	bibsource = {dblp computer science bibliography, https://dblp.org}
}

@inproceedings{SatyanarayananK19,
	author    = {Mahadev Satyanarayanan and
	Guenter Klas and
	Marco Dias Silva and
	Simone Mangiante},
	editor    = {Elisa Bertino and
	Carl K. Chang and
	Peter Chen and
	Ernesto Damiani and
	Michael Goul and
	Katsunori Oyama},
	title     = {The Seminal Role of Edge-Native Applications},
	booktitle = {3rd {IEEE} International Conference on Edge Computing, {EDGE} 2019,
	Milan, Italy, July 8-13, 2019},
	pages     = {33--40},
	publisher = {{IEEE}},
	year      = {2019},
	url       = {https://doi.org/10.1109/EDGE.2019.00022},
	doi       = {10.1109/EDGE.2019.00022},
	timestamp = {Wed, 16 Oct 2019 14:14:56 +0200},
	biburl    = {https://dblp.org/rec/conf/edge/SatyanarayananK19.bib},
	bibsource = {dblp computer science bibliography, https://dblp.org}
}

@article{FernandoLR13,
	author    = {Niroshinie Fernando and
	Seng Wai Loke and
	J. Wenny Rahayu},
	title     = {Mobile cloud computing: {A} survey},
	journal   = {Future Gener. Comput. Syst.},
	volume    = {29},
	number    = {1},
	pages     = {84--106},
	year      = {2013},
	url       = {https://doi.org/10.1016/j.future.2012.05.023},
	doi       = {10.1016/j.future.2012.05.023},
	timestamp = {Wed, 19 Feb 2020 14:14:41 +0100},
	biburl    = {https://dblp.org/rec/journals/fgcs/FernandoLR13.bib},
	bibsource = {dblp computer science bibliography, https://dblp.org}
}

@article{LinLJL19,
	author    = {Li Lin and
	Xiaofei Liao and
	Hai Jin and
	Peng Li},
	title     = {Computation Offloading Toward Edge Computing},
	journal   = {Proc. {IEEE}},
	volume    = {107},
	number    = {8},
	pages     = {1584--1607},
	year      = {2019},
	url       = {https://doi.org/10.1109/JPROC.2019.2922285},
	doi       = {10.1109/JPROC.2019.2922285},
	timestamp = {Fri, 02 Oct 2020 14:42:23 +0200},
	biburl    = {https://dblp.org/rec/journals/pieee/LinLJL19.bib},
	bibsource = {dblp computer science bibliography, https://dblp.org}
}
